

@phdthesis{liu2020vision,
	title={	基于视觉上下文感知模型的MRI影像处理关键技术研究},
	author={刘飞鸿},
	year={2020},
	school={西北大学}
}

